<collection xmlns="http://www.loc.gov/MARC21/slim">
   <record>
      <leader>01905cam a2200409 a 4500</leader>
      <controlfield tag="001">6814046</controlfield>
      <controlfield tag="003">OCoLC</controlfield>
      <controlfield tag="005">20150422160051.0</controlfield>
      <controlfield tag="008">140616t20152013nyua   j      000 1 eng d</controlfield>
      <datafield ind1=" " ind2=" " tag="020">
         <subfield code="a">0147515467</subfield>
      </datafield>
      <datafield ind1=" " ind2=" " tag="020">
         <subfield code="a">9780147515469</subfield>
      </datafield>
      <datafield ind1=" " ind2=" " tag="035">
         <subfield code="a">ocn881437222</subfield>
      </datafield>
      <datafield ind1=" " ind2=" " tag="039">
         <subfield code="a">exclude</subfield>
      </datafield>
      <datafield ind1=" " ind2=" " tag="040">
         <subfield code="a">YDXCP</subfield>
         <subfield code="b">eng</subfield>
         <subfield code="c">YDXCP</subfield>
         <subfield code="d">BTCTA</subfield>
         <subfield code="d">BDX</subfield>
         <subfield code="d">OCLCQ</subfield>
         <subfield code="d">NYP</subfield>
         <subfield code="d">AEU</subfield>
      </datafield>
      <datafield ind1="0" ind2="4" tag="050">
         <subfield code="a">PZ7.C78485</subfield>
         <subfield code="b">Max 2015</subfield>
      </datafield>
      <datafield ind1="0" ind2="4" tag="082">
         <subfield code="a">813.4</subfield>
         <subfield code="2">23</subfield>
      </datafield>
      <datafield ind1=" " ind2=" " tag="090">
         <subfield code="a">PZ7 .C78485 M39 2015</subfield>
         <subfield code="b">AEGMCT</subfield>
      </datafield>
      <datafield ind1=" " ind2=" " tag="090">
         <subfield code="a">PZ7 .C78485 M39 2015</subfield>
         <subfield code="b">AEGMCT</subfield>
      </datafield>
      <datafield ind1="1" ind2=" " tag="100">
         <subfield code="a">Cooper, Floyd,</subfield>
         <subfield code="e">author,</subfield>
         <subfield code="e">illustrator.</subfield>
         <subfield code="0">http://id.loc.gov/authorities/names/n87933294</subfield>
         <subfield code="0">http://viaf.org/viaf/802164</subfield>
      </datafield>
      <datafield ind1="1" ind2="0" tag="245">
         <subfield code="a">Max and the tag-along moon /</subfield>
         <subfield code="c">Floyd Cooper.</subfield>
      </datafield>
      <datafield ind1=" " ind2="1" tag="264">
         <subfield code="a">New York :</subfield>
         <subfield code="b">Puffin Books, an imprint of Penguin Group (USA),</subfield>
         <subfield code="c">2015.</subfield>
      </datafield>
      <datafield ind1=" " ind2="4" tag="264">
         <subfield code="c">©2013</subfield>
      </datafield>
      <datafield ind1=" " ind2=" " tag="300">
         <subfield code="a">1 volume (unpaged) :</subfield>
         <subfield code="b">color illustrations ;</subfield>
         <subfield code="c">28 cm</subfield>
      </datafield>
      <datafield ind1=" " ind2=" " tag="336">
         <subfield code="a">text</subfield>
         <subfield code="b">txt</subfield>
         <subfield code="2">rdacontent</subfield>
         <subfield code="0">http://id.loc.gov/vocabulary/contentTypes/txt</subfield>
      </datafield>
      <datafield ind1=" " ind2=" " tag="336">
         <subfield code="a">still image</subfield>
         <subfield code="b">sti</subfield>
         <subfield code="2">rdacontent</subfield>
         <subfield code="0">http://id.loc.gov/vocabulary/contentTypes/sti</subfield>
      </datafield>
      <datafield ind1=" " ind2=" " tag="337">
         <subfield code="a">unmediated</subfield>
         <subfield code="b">n</subfield>
         <subfield code="2">rdamedia</subfield>
         <subfield code="0">http://id.loc.gov/vocabulary/mediaTypes/n</subfield>
      </datafield>
      <datafield ind1=" " ind2=" " tag="338">
         <subfield code="a">volume</subfield>
         <subfield code="b">nc</subfield>
         <subfield code="2">rdacarrier</subfield>
         <subfield code="0">http://id.loc.gov/vocabulary/carriers/nc</subfield>
      </datafield>
      <datafield ind1=" " ind2=" " tag="500">
         <subfield code="a">Originally published: New York : Philomel Books, c2013.</subfield>
      </datafield>
      <datafield ind1=" " ind2=" " tag="520">
         <subfield code="a">When Max leaves his grandfather's house, the moon follows him all the way home, just as Grandpa promised it would.</subfield>
      </datafield>
      <datafield ind1="1" ind2=" " tag="521">
         <subfield code="a">Ages 3 and up.</subfield>
      </datafield>
      <datafield ind1=" " ind2=" " tag="596">
         <subfield code="a">29</subfield>
      </datafield>
      <datafield ind1=" " ind2="0" tag="650">
         <subfield code="a">Grandfathers</subfield>
         <subfield code="v">Juvenile fiction.</subfield>
         <subfield code="0">http://id.loc.gov/authorities/subjects/sh2008118373</subfield>
      </datafield>
      <datafield ind1=" " ind2="0" tag="651">
         <subfield code="a">Moon</subfield>
         <subfield code="v">Juvenile fiction.</subfield>
      </datafield>
      <datafield ind1=" " ind2=" " tag="758">
         <subfield code="0">http://worldcat.org/entity/work/id/288746417</subfield>
      </datafield>
      <datafield ind1="0" ind2=" " tag="787">
         <subfield code="n">OCLC Work Id</subfield>
         <subfield code="o">http://worldcat.org/entity/work/id/288746417</subfield>
      </datafield>
      <datafield ind1=" " ind2=" " tag="949">
         <subfield code="a">PZ7 .C78485 M39 2015</subfield>
         <subfield code="h">GMCT-JU-B</subfield>
         <subfield code="i">1007760018</subfield>
         <subfield code="p">10.67</subfield>
         <subfield code="k">AVAIL_SOON</subfield>
      </datafield>
      <datafield ind1=" " ind2=" " tag="926">
         <subfield code="a">PZ7 .C78485 M39 2015</subfield>
         <subfield code="w">LC</subfield>
         <subfield code="c">1</subfield>
         <subfield code="i">1007760018</subfield>
         <subfield code="d">5/8/2015</subfield>
         <subfield code="l">JUVENILE</subfield>
         <subfield code="m">GR_MACEWAN</subfield>
         <subfield code="p">$10.67</subfield>
         <subfield code="r">Y</subfield>
         <subfield code="s">Y</subfield>
         <subfield code="t">BOOK</subfield>
         <subfield code="u">4/27/2015</subfield>
      </datafield>
   </record>
</collection>
